@article{akyildiz2002wsn,
  title={{Wireless sensor networks: a survey}},
  author={Akyildiz, IF and Su, W. and Sankarasubramaniam, Y. and Cayirci, E.},
  journal={Computer networks},
  volume={38},
  number={4},
  pages={393--422},
  year={2002},
  publisher={Elsevier}
}

@conference{tolle2005mr,
  title={{A macroscope in the redwoods}},
  author={Tolle, G. and Polastre, J. and Szewczyk, R. and Culler, D. and Turner, N. and Tu, K. and Burgess, S. and Dawson, T. and Buonadonna, P. and Gay, D. and others},
  booktitle={Proceedings of the 3rd international conference on Embedded networked sensor systems},
  pages={51--63},
  year={2005},
  organization={ACM New York, NY, USA}
}
@article{chong2003sne,
  title={{Sensor networks: Evolution, opportunities, and challenges}},
  author={Chong, C.Y. and Kumar, SP and Hamilton, B.A.},
  journal={Proceedings of the IEEE},
  volume={91},
  number={8},
  pages={1247--1256},
  year={2003}
}
@article{hightower2001lsu,
  title={{Location systems for ubiquitous computing}},
  author={Hightower, J. and Borriello, G.},
  journal={Computer},
  volume={34},
  number={8},
  pages={57--66},
  year={2001}
}
@article{patwari2005lnc,
  title={{Locating the nodes: cooperative localization in wireless sensor networks}},
  author={Patwari, N. and Ash, JN and Kyperountas, S. and Hero Iii, AO and Moses, RL and Correal, NS},
  journal={IEEE Signal Processing Magazine},
  volume={22},
  number={4},
  pages={54--69},
  year={2005}
}


@article{sayed2005nbw,
  title={{Network-based wireless location: challenges faced in developing techniques for accurate wireless location information}},
  author={Sayed, AH and Tarighat, A. and Khajehnouri, N.},
  journal={IEEE Signal Processing Magazine},
  volume={22},
  number={4},
  pages={24--40},
  year={2005}
}

@conference{bahl2000rbr,
  title={{RADAR: An in-building RF-based user location and tracking system}},
  author={Bahl, P. and Padmanabhan, V.},
  booktitle={IEEE INFOCOM},
  volume={2},
  pages={775--784},
  year={2000},
  organization={INSTITUTE OF ELECTRICAL ENGINEERS INC (IEEE)}
}

@article{lymberopoulos2006ecr,
  title={{An empirical characterization of radio signal strength variability in 3-d ieee 802.15. 4 networks using monopole antennas}},
  author={Lymberopoulos, D. and Lindsey, Q. and Savvides, A.},
  journal={LECTURE NOTES IN COMPUTER SCIENCE},
  volume={3868},
  pages={326},
  year={2006},
  publisher={Springer}
}
@conference{li2005srq,
  title={{A sorted RSSI quantization based algorithm for sensor network localization}},
  author={Li, X. and Shi, H. and Shang, Y.},
  booktitle={Parallel and Distributed Systems, 2005. Proceedings. 11th International Conference on},
  volume={1},
  year={2005}
}
@article{li2006rbl,
  title={{RSS-based location estimation with unknown pathloss model}},
  author={Li, X.},
  journal={IEEE Transactions on Wireless Communications},
  volume={5},
  number={12},
  pages={3626},
  year={2006},
  publisher={Institute of Electrical and Electronics Engineers}
}

@article{seidel1992mpl,
  title={{914 MHz path loss prediction models for indoor wirelesscommunications in multifloored buildings}},
  author={Seidel, SY and Rappaport, TS},
  journal={IEEE transactions on Antennas and Propagation},
  volume={40},
  number={2},
  pages={207--217},
  year={1992}
}


@article{langendoen2003dlw,
  title={{Distributed localization in wireless sensor networks: a quantitative comparison}},
  author={Langendoen, K. and Reijers, N.},
  journal={Computer Networks},
  volume={43},
  number={4},
  pages={499--518},
  year={2003},
  publisher={Elsevier}
}
% Sum dist
@article{niculescu2003dbp,
  title={{DV based positioning in ad hoc networks}},
  author={Niculescu, D. and Nath, B.},
  journal={Telecommunication Systems},
  volume={22},
  number={1},
  pages={267--280},
  year={2003},
  publisher={Springer}
}
@article{savvides2003nhm,
  title={{The n-hop multilateration primitive for node localization problems}},
  author={Savvides, A. and Park, H. and Srivastava, M.B.},
  journal={Mobile Networks and Applications},
  volume={8},
  number={4},
  pages={443--451},
  year={2003},
  publisher={Springer}
}
@conference{savarese2002rpa,
  title={{Robust positioning algorithms for distributed ad-hoc wireless sensor networks}},
  author={Savarese, C. and Rabaey, J. and Langendoen, K.},
  booktitle={USENIX technical annual conference},
  volume={2},
  year={2002},
  organization={Monterey, CA}
}
@article{lorincz2007mrd,
  title={{MoteTrack: a robust, decentralized approach to RF-based location tracking}},
  author={Lorincz, K. and Welsh, M.},
  journal={Personal and Ubiquitous Computing},
  volume={11},
  number={6},
  pages={489--503},
  year={2007},
  publisher={Springer}
}
@conference{priyantha2000cls,
  title={{The cricket location-support system}},
  author={Priyantha, N.B. and Chakraborty, A. and Balakrishnan, H.},
  booktitle={Proceedings of the 6th annual international conference on Mobile computing and networking},
  pages={32--43},
  year={2000},
  organization={ACM New York, NY, USA}
}
@conference{zanca2008ecr,
  title={{Experimental comparison of RSSI-based localization algorithms for indoor wireless sensor networks}},
  author={Zanca, G. and Zorzi, F. and Zanella, A. and Zorzi, M.}
}
@conference{liu2004slr,
  title={{Sensor localization with ring overlapping based on comparison of received signal strength indicator}},
  author={Liu, C. and Wu, K. and He, T.},
  booktitle={2004 IEEE International Conference on Mobile Ad-hoc and Sensor Systems},
  pages={516--518},
  year={2004}
}
@conference{patwari2001rlw,
  title={{Relative location in wireless networks}},
  author={Patwari, N. and O'Dea, RJ and Wang, Y.},
  booktitle={IEEE VTS 53rd Vehicular Technology Conference, 2001. VTC 2001 Spring},
  volume={2},
  year={2001}
}
@techreport{nguyen2003las,
  title={{Localization algorithms for sensor networks using RF signal strength CS 252 Class Project}},
  author={Nguyen, X.L. and Rattentbury, T.},
  year={2003},
  institution={Citeseer}
}
@MISC{tetra,
  author = {http://www.iwt.be/steun/steunpro/tetra/index.html}
}

@MISC{RTLS,
  author = {http://www.qed.org/Incits/2003/Docs/INCITS%20T20%20N03-025%20ANSI%20Edited%20371.3.pdf}
}
@article{hashemi1993irp,
  title={{The indoor radio propagation channel}},
  author={Hashemi, H.},
  journal={Proceedings of the IEEE},
  volume={81},
  number={7},
  pages={943--968},
  year={1993}
}
@article{rice1944mar,
  title={{Mathematical analysis of random noise}},
  author={Rice, S.O.},
  journal={Bell Syst. Tech. J},
  volume={23},
  number={3},
  pages={282--332},
  year={1944}
}
@article{schuhmann2008iwc,
  title={{Improved Weighted Centroid Localization in Smart Ubiquitous Environments}},
  author={Schuhmann, S. and Herrmann, K. and Rothermel, K. and Blumenthal, J. and Timmermann, D.},
  journal={Lecture Notes in Computer Science},
  volume={5061},
  pages={20--34},
  year={2008},
  publisher={Springer}
}
@article{trilat,
 author={Kaminsky, A},
 title={{Trilateration}},
 year={2007}
 }