

@ARTICLE{Anastasio2001,
  author = {Mark A. Anastasio and Xiaochuan Pan and Eric Clarkson},
  title = {Comments on the Filtered Backprojection Algorithm, Range Conditions,
	and the Pseudoinverse Solution},
  journal = {IEEE transactions on medical imaging,},
  year = {2001},
  volume = {20},
  pages = {4},
  owner = {Tim Schaeps},
  timestamp = {2007.06.03}
}

@ARTICLE{Frederik1999,
  author = {Frederik A.A. de Jonge, Koos (J.) A.K. Blokland},
  title = {Statistical tomographic reconstruction:
	
	How many more iterations to go?},
  journal = {European Journal of Nuclear Medicine},
  year = {1999},
  volume = {Vol. 26, No. 10},
  pages = {4},
  owner = {Tim Schaeps},
  timestamp = {2007.06.01}
}



